%status of trash in Philippines
@online{Statista2022,
	author    = {{Statista}},
	title     = {Projected daily waste generation in the Philippines},
	year      = {2022},
	url       = {https://www.statista.com/statistics/1347560/philippines-projected-daily-waste-generation/#:~:text=In%202022%2C%20the%20Philippines%20generated,increase%20from%20the%20previous%20year},
	note      = {Accessed: 2024-09-09}
}

%study of User Interface
@article{AhmadFaudzi2023,
	author = {Ahmad Faudzi, Masyura and Che Cob, Zaihisma and Omar, Ridha and Sharudin, Sharul Azim and Ghazali, Masitah},
	title = {Investigating the User Interface Design Frameworks of Current Mobile Learning Applications: A Systematic Review},
	journal = {Education Sciences},
	volume = {13},
	number = {1},
	pages = {94},
	year = {2023},
	publisher = {MDPI},
	url = {https://www.mdpi.com/2227-7102/13/1/94}
}

%study of Image recognition in classifying
@article{Malik2022,
	author = {Meena Malik and Sachin Sharma and Mueen Uddin and Chin-Ling Chen and Chih-Ming Wu and Punit Soni and Shikha Chaudhary},
	title     = {Waste Classification Using Deep Learning and Image Recognition Techniques},
	journal   = {Data Mining},
	volume    = {14},
	number     = {12},
	pages     = {7222},
	year      = {2022},
	url       = {https://www.mdpi.com/2076-3417/10/20/7301}
}

%more references used
%https://ieeexplore.ieee.org/document/9649528 for accuracy of Google models
%https://www.sciencedirect.com/science/article/abs/pii/S0956053X21006152
%https://therecycleguide.org/history-waste-management/
